/home/denis/ranepa/articles/bibtexts/muse-wordnet.bib